2450 3846
503 191 523 252 8

60 389 120 452 Bis
134 411 261 474 gressus
274 387 372 450 miser
385 387 506 452 invitos
520 388 656 450 retraxit
670 387 803 451 inultus.

61 527 130 592 Nec
144 527 250 612 magis
264 526 384 591 orando
398 527 502 591 valuit
516 526 657 591 crudelia
671 527 757 591 cives

62 664 209 730 Flectere
223 664 320 728 corda
333 662 444 727 exsul:
466 685 533 725 non
546 661 597 724 illi
609 661 762 747 supplicis
775 661 859 725 ullus

62 800 230 864 Erubuere
243 821 363 884 preces,
378 806 412 863 et
425 799 535 862 inania
549 805 626 863 vota
639 798 792 883 rogantis.

64 933 177 1007 Qualis
191 934 248 998 ubi
261 935 381 1021 ejectus
391 937 584 1022 jamdudum
597 939 633 1002 in
646 937 755 1002 littore
769 938 837 1002 solo

63 1073 259 1160 Naufragus,
275 1073 335 1139 en!
359 1075 496 1160 puppim
509 1075 624 1140 laetans
638 1076 787 1140 accedere
800 1076 898 1162 longe

64 1208 250 1288 Paullatim,
266 1217 428 1296 pontoque
442 1210 600 1275 albescere
614 1211 745 1276 carbasa
757 1211 851 1276 vidit.

64 1346 220 1425 Frustra3
243 1369 320 1410 nam
334 1345 440 1410 subito
460 1367 590 1408 cursum
603 1345 762 1424 mutavit3
786 1354 821 1446 al
833 1347 890 1414 ille

66 1483 150 1549 Vela
164 1483 278 1561 oculis,
285 1507 375 1569 spem
389 1483 492 1558 corde,
509 1481 606 1546 simul
619 1505 788 1550 vanescere
803 1485 910 1550 sentit.

67 1619 120 1686 Sic
135 1621 260 1687 subiere
273 1622 387 1686 breves
401 1589 476 1684 lato
491 1643 562 1706 spes
577 1622 696 1686 exsulis
710 1631 789 1688 ortae

66 1757 210 1834 Pectore,
227 1757 272 1821 sic
285 1763 372 1820 retro
387 1755 504 1821 celeres
518 1755 641 1822 fluxere
655 1757 797 1844 relapsae.

111 2033 195 2098 Tum
209 2033 278 2098 sine
292 2055 379 2098 more
394 2032 514 2110 dolens,
527 2040 559 2097 et
573 2033 685 2118 iniquo
700 2032 841 2117 pondere
852 2032 974 2098 fractus

70 2169 237 2247 Ourarum,
253 2171 424 2234 immensos
439 2193 546 2234 secum
560 2170 605 2235 sic
620 2169 749 2236 volvere
760 2169 884 2234 luctus:

69 2307 136 2373 Hei
149 2305 249 2371 mihi!
274 2329 346 2393 quae
359 2305 473 2392 longos
487 2313 652 2392 exspectat
665 2312 751 2370 mela
765 2305 897 2376 labores,

71 2445 215 2519 Quemve
229 2411 361 2510 mollum
376 2444 464 2508 D'eus
479 2452 527 2509 est
542 2447 636 2508 rebus
650 2441 810 2534 positurus
825 2434 972 2501 acerbis?

71 2581 230 2646 Densatas
244 2575 363 2672 iterpu'r
378 2581 488 2656 nubes,
505 2578 671 2660 radiosque
685 2593 857 2657 parumper

71 2717 237 2782 Immissos
252 2723 330 2780 atrae
345 2715 437 2780 video
453 2711 655 2777 succumbere
670 2706 766 2770 nocti.

72 2849 224 2936 Opatria
235 2857 267 2916 et
279 2850 441 2936 quondam
452 2847 572 2921 domus,
585 2841 838 2928 Opulcherrima
847 2844 974 2912 Romaer

319 3168 329 3198 ยนยน
348 3166 393 3215 See
406 3163 501 3212 Dente:
523 3162 629 3226 Corruito,
641 3180 665 3228 p.
681 3167 717 3212 ll.
