2450 3846
701 265 721 326 5

257 464 311 528 Ex
324 461 382 528 illo
396 461 454 526 lux
467 461 589 526 laetitiae
605 468 753 547 superate
767 461 917 536 tenebris,

256 599 397 686 Spesque
411 605 618 676 reoessenmt,
634 597 836 683 reliquosque
851 574 958 663 secuta
973 621 1031 684 per
1046 621 1146 666 annos

255 737 406 802 Vexabat
420 743 453 802 te
468 759 545 801 oure
558 757 691 800 manens
705 736 784 799 dum
796 735 865 799 vite
879 734 1038 799 manebat.

256 875 332 940 Non
347 874 451 951 aliter,
467 873 606 938 mediam
619 895 722 958 quum
736 871 791 937 sol
808 895 867 958 per
882 872 998 937 oaerula
1013 872 1146 960 Olympi

256 1012 344 1078 Pure
358 1011 445 1091 diem
459 1010 558 1087 dueit,
576 1009 749 1096 gavisaque
765 1032 841 1074 rura
856 1010 1015 1089 renident,

257 1145 359 1210 Eece!
384 1146 558 1231 improvisa
573 1146 710 1231 speeiem
725 1144 863 1231 ealigine
878 1167 987 1209 rerum

258 1263 395 1345 Vertere
408 1287 589 1365 tempestae,
605 1280 851 1366 nimborumque
866 1281 953 1345 oeius
967 1281 1082 1346 horror

261 1413 428 1499 Ingruere,
444 1421 476 1479 et
490 1413 582 1480 eaeeis
596 1413 689 1500 polus
703 1415 901 1480 obscurarier
915 1415 1047 1482 umbris.

302 1681 367 1747 Sed
380 1706 453 1768 quae
466 1683 581 1770 lingue
595 1684 673 1749 setis
688 1685 803 1764 valeat,
819 1710 891 1773 quae
905 1689 1004 1753 verbe
1018 1688 1161 1754 dolorem

259 1819 432 1905 Ingentem
446 1843 623 1885 memorare
637 1821 701 1885 viri
714 1821 871 1909 fletusque
885 1823 1041 1909 profusos,

258 1958 375 2022 Audiit
388 1964 426 2022 ut
440 1957 611 2022 lacrimans
625 1958 727 2024 seelus
742 1965 775 2025 et
789 1960 917 2025 decreta
935 1984 1074 2038 suorum,

258 2095 374 2159 Audiit
389 2094 600 2179 exsiliumque
614 2117 717 2174 sunm,
735 2118 923 2182 eversosque
937 2097 1096 2182 penates?

259 2235 370 2300 Hesne
385 2258 472 2322 ergo,
488 2235 547 2299 hes
561 2235 626 2300 eivi
640 2236 740 2322 digno
755 2236 809 2321 pie
823 2237 929 2321 patrie
945 2244 1052 2323 gretes

258 2371 324 2437 Pro
338 2373 443 2458 patrie
457 2373 576 2459 pietate
590 2372 714 2437 refert?
736 2372 805 2436 haee
819 2373 951 2457 praemie
966 2373 1088 2438 solvit?

259 2509 385 2593 Nempe
402 2510 497 2574 modo
517 2509 558 2572 ed
572 2507 711 2573 Romam
725 2508 827 2573 natali
841 2531 883 2573 ex
896 2510 976 2575 urbe
990 2510 1161 2595 profectus,

259 2643 353 2708 Pacis
368 2643 698 2730 amicitieequederens
712 2644 868 2730 promissa
882 2647 1048 2722 novendae‚

259 2780 421 2858 Veneret;
444 2789 477 2846 et
487 2781 642 2868 jamtum
656 2781 745 2846 leetes
760 2804 831 2867 spes
846 2782 940 2847 eorde
954 2782 1083 2847 fovebat

260 2919 511 2984 Instaurendem
524 2919 644 2984 iterum
658 2924 820 3003 composto
836 2916 942 2980 Marte
957 2915 1098 3001 quietem

261 3056 399 3121 Civilem
409 3079 567 3141 3-neque
582 3055 669 3120 enim
682 3053 795 3140 petriee
810 3052 982 3117 studiosior
996 3053 1077 3118 alter

261 3193 436 3259 Libertatis
451 3201 528 3271 eret,
545 3216 611 3258 non
626 3194 702 3258 urbs
717 3214 774 3256 sua
789 3189 892 3256 uerior
907 3189 976 3253 ulli.
