2450 3846
521 239 584 300 ·12

109 435 206 504 Ultro
220 435 329 514 ardet;
353 436 409 500 sed
423 433 491 499 fate
504 457 619 499 manus
633 433 765 498 inimice
780 413 936 499 coercent¹

108 571 214 635 Affari
228 578 347 649 tamen,
360 578 393 636 et
405 593 500 636 voces
515 571 626 635 audire
641 569 811 656 loquentis,

108 709 329 794 Divinumque
344 709 455 774 sinunt
470 709 569 774 oculis
584 709 714 774 haurire
728 711 884 774 decorem.

108 848 246 933 Jamque
260 871 318 933 per
332 846 480 912 aetherios
494 847 575 926 coeli,
591 846 661 912 loca
674 846 791 924 lucide,
808 853 930 911 tractus

108 985 186 1070 Ipsa
201 985 288 1050 viem
302 991 471 1062 monstret,
487 985 699 1070 comitemque
714 985 756 1048 ad
771 983 876 1048 sidera
891 984 990 1062 ducit,

108 1121 362 1186 Fortunatorum
377 1144 515 1206 campos,
531 1123 684 1207 sedesque
698 1122 817 1186 beatas.

108 1258 184 1323 Illic
197 1258 345 1323 laetitiam
358 1257 446 1323 nacti
460 1259 581 1345 pietate
595 1281 769 1346 perennem

109 1393 275 1470 celicola,
291 1402 385 1481 parte
395 1396 464 1483 jam
478 1419 565 1483 pace,
581 1397 743 1464 laboribus
759 1397 848 1474 actis,

74 1518 76 1522 ‚
106 1530 359 1597 Umbrcminter
368 1531 555 1608 silvestrem,
563 1539 596 1596 et
604 1531 735 1597 amaenis
745 1531 882 1596 vallibus
891 1537 1009 1596 errent.

109 1665 375 1751 Carminibusque
390 1666 453 1730 Dei
467 1667 586 1745 laudes,
604 1669 656 1732 cui
672 1668 785 1754 gloria,
802 1668 934 1733 crustat

109 1803 306 1868 Ounctarum
321 1801 401 1866 ditio
417 1824 536 1879 rerum,
552 1809 585 1866 et
600 1802 669 1866 sine
683 1802 748 1866 fine
761 1809 910 1888 potestas,

108 1936 290 2014 Extollunt,
306 1935 502 2022 citharisque
517 1943 634 2000 sonant
650 1944 683 2000 et
697 1960 774 2002 voce
788 1943 966 2022 parentem.

150 2210 241 2276 Talia
255 2218 363 2276 mente
378 2211 444 2275 alte
458 2211 603 2297 fingebat
618 2211 741 2276 somnia
756 2219 856 2289 vates,

108 2349 199 2413 Talia
213 2351 364 2429 cantabat
380 2371 570 2427 memorem,
587 2349 638 2414 his
653 2347 796 2414 fontibus
811 2355 918 2412 ortum

108 2484 260 2549 Condidit
274 2485 455 2550 immortale
469 2484 579 2549 future
593 2485 629 2548 in
644 2483 759 2550 saecule
774 2505 911 2548 carmen.

107 2621 153 2684 Et
163 2621 233 2708 jam
246 2643 333 2685 mors
347 2622 467 2697 aderat,
480 2622 549 2708 jam
563 2621 672 2686 tristes
687 2620 833 2705 linquere
847 2625 957 2694 terras,

108 2757 291 2844 Optataque
306 2759 408 2835 domo,
426 2758 560 2844 coelique
575 2759 683 2844 quiete
693 2757 804 2844 potiri.

109 2895 221 2968 Qualis
235 2895 447 2982 longinquam
462 2904 568 2961 certus
583 2897 640 2982 qui
655 2894 822 2981 exquirere
837 2901 972 2978 terram¹

108 3035 212 3098 Trans
226 3033 395 3098 Atlanteos
409 3033 523 3119 ignota
535 3033 680 3120 pericula
694 3032 819 3110 fluctus,

110 3174 132 3238 J
133 3197 184 3240 am
199 3194 385 3259 permensus
400 3171 463 3236 iter
478 3169 585 3248 sensit,
603 3169 763 3254 finemque
776 3167 990 3253 propinquam
1094 3181 1096 3184 ·
