<?xml version="1.0" encoding="UTF-8"?>
<!DOCTYPE html PUBLIC "-//W3C//DTD XHTML 1.0 Transitional//EN"
    "http://www.w3.org/TR/xhtml1/DTD/xhtml1-transitional.dtd">
<html xmlns="http://www.w3.org/1999/xhtml" xml:lang="en" lang="en">
 <head>
  <title>
</title>
<meta http-equiv="Content-Type" content="text/html;charset=utf-8" />
  <meta name='ocr-system' content='tesseract 3.04.00' />
  <meta name='ocr-capabilities' content='ocr_page ocr_carea ocr_par ocr_line ocrx_word'/>
</head>
<body>
  <div class='ocr_page' id='page_1' title='image "./dantisexsiliumc00michgoog_0012.png"; bbox 0 0 2450 3846; ppageno 0'>
   <div class='ocr_carea' id='block_1_1' title="bbox 698 249 718 313">
    <p class='ocr_par' dir='ltr' id='par_1_1' title="bbox 698 249 718 313">
     <span class='ocr_line' id='line_1_1' title="bbox 698 249 718 313; baseline 0 0"><span class='ocrx_word' id='word_1_1' title='bbox 698 249 718 313; x_wconf 83' lang='lat'>7</span> 
     </span>
    </p>
   </div>
   <div class='ocr_carea' id='block_1_2' title="bbox 252 443 1006 522">
    <p class='ocr_par' dir='ltr' id='par_1_2' title="bbox 252 443 1006 522">
     <span class='ocr_line' id='line_1_2' title="bbox 252 443 1006 522; baseline 0.003 -14"><span class='ocrx_word' id='word_1_2' title='bbox 252 443 418 522; x_wconf 65' lang='lat' dir='ltr'><strong>Intraum,</strong></span> <span class='ocrx_word' id='word_1_3' title='bbox 431 452 464 510; x_wconf 88' lang='lat' dir='ltr'><strong>et</strong></span> <span class='ocrx_word' id='word_1_4' title='bbox 479 469 560 512; x_wconf 82' lang='lat' dir='ltr'><strong>oarae</strong></span> <span class='ocrx_word' id='word_1_5' title='bbox 574 447 743 513; x_wconf 90' lang='lat' dir='ltr'><strong>remearim</strong></span> <span class='ocrx_word' id='word_1_6' title='bbox 757 447 874 512; x_wconf 87' lang='lat' dir='ltr'><strong>maenia</strong></span> <span class='ocrx_word' id='word_1_7' title='bbox 889 448 1006 512; x_wconf 88' lang='lat' dir='ltr'><strong>sedis.&#39;&#39;</strong></span> 
     </span>
    </p>
   </div>
   <div class='ocr_carea' id='block_1_3' title="bbox 252 580 1011 670">
    <p class='ocr_par' dir='ltr' id='par_1_3' title="bbox 252 580 1011 670">
     <span class='ocr_line' id='line_1_3' title="bbox 252 580 1011 670; baseline 0.005 -24"><span class='ocrx_word' id='word_1_8' title='bbox 252 580 323 654; x_wconf 80' lang='lat' dir='ltr'><strong>Quo</strong></span> <span class='ocrx_word' id='word_1_9' title='bbox 340 583 464 669; x_wconf 91' lang='lat' dir='ltr'><strong>gemitu</strong></span> <span class='ocrx_word' id='word_1_10' title='bbox 477 586 599 670; x_wconf 91' lang='lat' dir='ltr'><strong>patrios</strong></span> <span class='ocrx_word' id='word_1_11' title='bbox 613 585 694 650; x_wconf 87' lang='lat' dir='ltr'><strong>fines</strong></span> <span class='ocrx_word' id='word_1_12' title='bbox 711 585 826 650; x_wconf 85' lang='lat' dir='ltr'><strong>affatus</strong></span> <span class='ocrx_word' id='word_1_13' title='bbox 841 592 874 651; x_wconf 90' lang='lat' dir='ltr'><strong>et</strong></span> <span class='ocrx_word' id='word_1_14' title='bbox 888 587 1011 662; x_wconf 89' lang='lat' dir='ltr'><strong>urbem,</strong></span> 
     </span>
    </p>
   </div>
   <div class='ocr_carea' id='block_1_4' title="bbox 251 719 1101 810">
    <p class='ocr_par' dir='ltr' id='par_1_4' title="bbox 251 719 1101 810">
     <span class='ocr_line' id='line_1_4' title="bbox 251 719 1101 810; baseline 0.001 -26"><span class='ocrx_word' id='word_1_15' title='bbox 251 719 367 786; x_wconf 81' lang='lat' dir='ltr'><strong>Tristis</strong></span> <span class='ocrx_word' id='word_1_16' title='bbox 380 721 416 785; x_wconf 93' lang='lat' dir='ltr'><strong>in</strong></span> <span class='ocrx_word' id='word_1_17' title='bbox 430 722 589 801; x_wconf 80' lang='lat' dir='ltr'>exsilium,</span> <span class='ocrx_word' id='word_1_18' title='bbox 605 746 782 810; x_wconf 84' lang='lat' dir='ltr'><strong>numquam</strong></span> <span class='ocrx_word' id='word_1_19' title='bbox 797 723 967 799; x_wconf 89' lang='lat' dir='ltr'><strong>rediturus,</strong></span> <span class='ocrx_word' id='word_1_20' title='bbox 984 723 1101 788; x_wconf 89' lang='lat' dir='ltr'><strong>abibat.</strong></span> 
     </span>
    </p>
   </div>
   <div class='ocr_carea' id='block_1_5' title="bbox 251 993 1160 2452">
    <p class='ocr_par' dir='ltr' id='par_1_5' title="bbox 251 993 1160 2452">
     <span class='ocr_line' id='line_1_5' title="bbox 296 993 1006 1083; baseline 0.003 -24"><span class='ocrx_word' id='word_1_21' title='bbox 296 993 424 1060; x_wconf 89' lang='lat' dir='ltr'><strong>Dehinc</strong></span> <span class='ocrx_word' id='word_1_22' title='bbox 438 996 612 1061; x_wconf 74' lang='lat' dir='ltr'><strong>errabundi</strong></span> <span class='ocrx_word' id='word_1_23' title='bbox 626 995 764 1083; x_wconf 80' lang='lat' dir='ltr'><strong>vestigia</strong></span> <span class='ocrx_word' id='word_1_24' title='bbox 778 997 872 1062; x_wconf 88' lang='lat' dir='ltr'><strong>de&#39;via</strong></span> <span class='ocrx_word' id='word_1_25' title='bbox 887 1020 1006 1075; x_wconf 87' lang='lat' dir='ltr'><strong>cursus,</strong></span> 
     </span>
     <span class='ocr_line' id='line_1_6' title="bbox 253 1131 1160 1219; baseline 0 -24"><span class='ocrx_word' id='word_1_26' title='bbox 253 1131 516 1217; x_wconf 89' lang='lat' dir='ltr'><strong>Multiplicesque</strong></span> <span class='ocrx_word' id='word_1_27' title='bbox 531 1133 621 1218; x_wconf 86' lang='lat' dir='ltr'><strong>sequi</strong></span> <span class='ocrx_word' id='word_1_28' title='bbox 632 1155 732 1211; x_wconf 87' lang='lat' dir='ltr'><strong>casus,</strong></span> <span class='ocrx_word' id='word_1_29' title='bbox 743 1133 945 1219; x_wconf 77' lang='lat' dir='ltr'><strong>latebrasque</strong></span> <span class='ocrx_word' id='word_1_30' title='bbox 956 1154 1160 1219; x_wconf 77' lang='lat' dir='ltr'><strong>recessusque</strong></span> 
     </span>
     <span class='ocr_line' id='line_1_7' title="bbox 253 1267 1098 1355; baseline 0.004 -24"><span class='ocrx_word' id='word_1_31' title='bbox 253 1267 521 1354; x_wconf 84' lang='lat' dir='ltr'><strong>Incertos—-opus</strong></span> <span class='ocrx_word' id='word_1_32' title='bbox 535 1267 834 1355; x_wconf 86' lang='lat' dir='ltr'><strong>ingratum—mihi,</strong></span> <span class='ocrx_word' id='word_1_33' title='bbox 852 1269 956 1348; x_wconf 88' lang='lat' dir='ltr'><strong>Musa,</strong></span> <span class='ocrx_word' id='word_1_34' title='bbox 973 1292 1098 1334; x_wconf 89' lang='lat' dir='ltr'><strong>recusas</strong></span> 
     </span>
     <span class='ocr_line' id='line_1_8' title="bbox 254 1403 1156 1494; baseline 0.002 -26"><span class='ocrx_word' id='word_1_35' title='bbox 254 1403 413 1485; x_wconf 84' lang='lat' dir='ltr'><strong>Narrare3</strong></span> <span class='ocrx_word' id='word_1_36' title='bbox 433 1414 471 1472; x_wconf 94' lang='lat' dir='ltr'><strong>ut</strong></span> <span class='ocrx_word' id='word_1_37' title='bbox 479 1407 583 1493; x_wconf 86' lang='lat' dir='ltr'><strong>magis</strong></span> <span class='ocrx_word' id='word_1_38' title='bbox 594 1414 690 1493; x_wconf 88' lang='lat' dir='ltr'><strong>atque</strong></span> <span class='ocrx_word' id='word_1_39' title='bbox 700 1407 804 1494; x_wconf 87' lang='lat' dir='ltr'><strong>magis</strong></span> <span class='ocrx_word' id='word_1_40' title='bbox 813 1430 902 1472; x_wconf 94' lang='lat' dir='ltr'><strong>mora</strong></span> <span class='ocrx_word' id='word_1_41' title='bbox 912 1407 1010 1493; x_wconf 90' lang='lat' dir='ltr'><strong>longa</strong></span> <span class='ocrx_word' id='word_1_42' title='bbox 1019 1405 1156 1484; x_wconf 86' lang='lat' dir='ltr'><strong>dierum,</strong></span> 
     </span>
     <span class='ocr_line' id='line_1_9' title="bbox 253 1541 1101 1631; baseline 0.002 -25"><span class='ocrx_word' id='word_1_43' title='bbox 253 1541 423 1608; x_wconf 91' lang='lat' dir='ltr'><strong>Annorum</strong></span> <span class='ocrx_word' id='word_1_44' title='bbox 437 1567 527 1609; x_wconf 91' lang='lat' dir='ltr'><strong>mora</strong></span> <span class='ocrx_word' id='word_1_45' title='bbox 540 1544 639 1631; x_wconf 86' lang='lat' dir='ltr'><strong>longa</strong></span> <span class='ocrx_word' id='word_1_46' title='bbox 653 1544 746 1609; x_wconf 86' lang='lat' dir='ltr'><strong>malis</strong></span> <span class='ocrx_word' id='word_1_47' title='bbox 761 1544 953 1630; x_wconf 71' lang='lat' dir='ltr'><strong>oppresserit</strong></span> <span class='ocrx_word' id='word_1_48' title='bbox 968 1567 1101 1630; x_wconf 86' lang='lat' dir='ltr'><strong>aegrum.</strong></span> 
     </span>
     <span class='ocr_line' id='line_1_10' title="bbox 253 1677 1055 1750; baseline 0.002 -7"><span class='ocrx_word' id='word_1_49' title='bbox 253 1677 341 1750; x_wconf 76' lang='lat' dir='ltr'><strong>Quin</strong></span> <span class='ocrx_word' id='word_1_50' title='bbox 355 1680 455 1745; x_wconf 84' lang='lat' dir='ltr'><strong>satius</strong></span> <span class='ocrx_word' id='word_1_51' title='bbox 470 1688 565 1746; x_wconf 87' lang='lat' dir='ltr'><strong>terrae</strong></span> <span class='ocrx_word' id='word_1_52' title='bbox 579 1681 762 1746; x_wconf 86' lang='lat' dir='ltr'><strong>mirandum</strong></span> <span class='ocrx_word' id='word_1_53' title='bbox 777 1680 899 1746; x_wconf 72' lang='lat' dir='ltr'><strong>altricis</strong></span> <span class='ocrx_word' id='word_1_54' title='bbox 914 1704 1055 1746; x_wconf 90' lang='lat' dir='ltr'><strong>amorem</strong></span> 
     </span>
     <span class='ocr_line' id='line_1_11' title="bbox 251 1815 1068 1905; baseline 0.002 -25"><span class='ocrx_word' id='word_1_55' title='bbox 251 1815 456 1902; x_wconf 87' lang='lat' dir='ltr'><strong>Magnanimi</strong></span> <span class='ocrx_word' id='word_1_56' title='bbox 470 1841 619 1884; x_wconf 88' lang='lat' dir='ltr'><strong>revocare</strong></span> <span class='ocrx_word' id='word_1_57' title='bbox 629 1819 742 1905; x_wconf 80' lang='lat' dir='ltr'><strong>juvat3</strong></span> <span class='ocrx_word' id='word_1_58' title='bbox 765 1841 824 1904; x_wconf 88' lang='lat' dir='ltr'><strong>per</strong></span> <span class='ocrx_word' id='word_1_59' title='bbox 838 1817 928 1883; x_wconf 85' lang='lat' dir='ltr'><strong>mille</strong></span> <span class='ocrx_word' id='word_1_60' title='bbox 944 1818 1068 1884; x_wconf 89' lang='lat' dir='ltr'><strong>labores</strong></span> 
     </span>
     <span class='ocr_line' id='line_1_12' title="bbox 251 1951 911 2041; baseline 0.003 -23"><span class='ocrx_word' id='word_1_61' title='bbox 251 1951 380 2019; x_wconf 80' lang='lat' dir='ltr'><strong>Scilicet</strong></span> <span class='ocrx_word' id='word_1_62' title='bbox 394 1955 546 2041; x_wconf 87' lang='lat' dir='ltr'><strong>indignos</strong></span> <span class='ocrx_word' id='word_1_63' title='bbox 560 1956 646 2021; x_wconf 90' lang='lat' dir='ltr'><strong>idem</strong></span> <span class='ocrx_word' id='word_1_64' title='bbox 660 1955 791 2041; x_wconf 89' lang='lat' dir='ltr'><strong>pietatis</strong></span> <span class='ocrx_word' id='word_1_65' title='bbox 805 1955 911 2020; x_wconf 89' lang='lat' dir='ltr'><strong>alebat</strong></span> 
     </span>
     <span class='ocr_line' id='line_1_13' title="bbox 251 2090 1101 2178; baseline -0.001 -22"><span class='ocrx_word' id='word_1_66' title='bbox 251 2092 473 2158; x_wconf 86' lang='lat' dir='ltr'><strong>Immortalem</strong></span> <span class='ocrx_word' id='word_1_67' title='bbox 487 2094 553 2158; x_wconf 92' lang='lat' dir='ltr'><strong>alto</strong></span> <span class='ocrx_word' id='word_1_68' title='bbox 568 2117 698 2159; x_wconf 89' lang='lat' dir='ltr'><strong>servans</strong></span> <span class='ocrx_word' id='word_1_69' title='bbox 714 2094 772 2157; x_wconf 86' lang='lat' dir='ltr'><strong>sub</strong></span> <span class='ocrx_word' id='word_1_70' title='bbox 787 2100 915 2178; x_wconf 85' lang='lat' dir='ltr'><strong>pectore</strong></span> <span class='ocrx_word' id='word_1_71' title='bbox 929 2090 1101 2156; x_wconf 87' lang='lat' dir='ltr'><strong>flammam.</strong></span> 
     </span>
     <span class='ocr_line' id='line_1_14' title="bbox 252 2230 925 2316; baseline -0.004 -20"><span class='ocrx_word' id='word_1_72' title='bbox 252 2231 363 2316; x_wconf 89' lang='lat' dir='ltr'><strong>Usque</strong></span> <span class='ocrx_word' id='word_1_73' title='bbox 377 2232 565 2316; x_wconf 84' lang='lat' dir='ltr'><strong>resurgebat</strong></span> <span class='ocrx_word' id='word_1_74' title='bbox 579 2232 704 2296; x_wconf 86' lang='lat' dir='ltr'><strong>dileotae</strong></span> <span class='ocrx_word' id='word_1_75' title='bbox 719 2230 802 2295; x_wconf 89' lang='lat' dir='ltr'><strong>sedis</strong></span> <span class='ocrx_word' id='word_1_76' title='bbox 817 2230 925 2314; x_wconf 85' lang='lat' dir='ltr'><strong>imago</strong></span> 
     </span>
     <span class='ocr_line' id='line_1_15' title="bbox 252 2365 930 2452; baseline -0.003 -22"><span class='ocrx_word' id='word_1_77' title='bbox 252 2365 405 2430; x_wconf 75' lang='lat' dir='ltr'><strong>Sollicite</strong></span> <span class='ocrx_word' id='word_1_78' title='bbox 418 2365 530 2444; x_wconf 89' lang='lat' dir='ltr'><strong>menti,</strong></span> <span class='ocrx_word' id='word_1_79' title='bbox 547 2366 801 2452; x_wconf 86' lang='lat' dir='ltr'><strong>desideriumque</strong></span> <span class='ocrx_word' id='word_1_80' title='bbox 817 2365 930 2443; x_wconf 90' lang='lat' dir='ltr'><strong>ciebat,</strong></span> 
     </span>
    </p>
   </div>
   <div class='ocr_carea' id='block_1_6' title="bbox 250 2501 984 2587">
    <p class='ocr_par' dir='ltr' id='par_1_6' title="bbox 250 2501 984 2587">
     <span class='ocr_line' id='line_1_16' title="bbox 250 2501 984 2587; baseline -0.004 -19"><span class='ocrx_word' id='word_1_81' title='bbox 250 2501 284 2568; x_wconf 91' lang='lat' dir='ltr'>N</span> <span class='ocrx_word' id='word_1_82' title='bbox 284 2525 326 2567; x_wconf 91' lang='lat' dir='ltr'><strong>on</strong></span> <span class='ocrx_word' id='word_1_83' title='bbox 340 2508 439 2566; x_wconf 90' lang='lat' dir='ltr'><strong>noctu</strong></span> <span class='ocrx_word' id='word_1_84' title='bbox 453 2524 519 2566; x_wconf 93' lang='lat' dir='ltr'><strong>non</strong></span> <span class='ocrx_word' id='word_1_85' title='bbox 533 2501 590 2566; x_wconf 90' lang='lat' dir='ltr'><strong>illa</strong></span> <span class='ocrx_word' id='word_1_86' title='bbox 605 2501 657 2566; x_wconf 91' lang='lat' dir='ltr'><strong>die</strong></span> <span class='ocrx_word' id='word_1_87' title='bbox 672 2501 868 2587; x_wconf 87' lang='lat' dir='ltr'><strong>requiescere</strong></span> <span class='ocrx_word' id='word_1_88' title='bbox 882 2524 984 2587; x_wconf 89' lang='lat' dir='ltr'><strong>passa.</strong></span> 
     </span>
    </p>
   </div>
   <div class='ocr_carea' id='block_1_7' title="bbox 251 2773 1076 2996">
    <p class='ocr_par' dir='ltr' id='par_1_7' title="bbox 251 2773 1076 2996">
     <span class='ocr_line' id='line_1_17' title="bbox 296 2773 1076 2860; baseline 0 -22"><span class='ocrx_word' id='word_1_89' title='bbox 296 2773 368 2846; x_wconf 78' lang='lat' dir='ltr'><strong>Quo</strong></span> <span class='ocrx_word' id='word_1_90' title='bbox 383 2797 454 2860; x_wconf 90' lang='lat' dir='ltr'><strong>spes</strong></span> <span class='ocrx_word' id='word_1_91' title='bbox 469 2774 579 2840; x_wconf 90' lang='lat' dir='ltr'><strong>illusas</strong></span> <span class='ocrx_word' id='word_1_92' title='bbox 594 2773 725 2852; x_wconf 89' lang='lat' dir='ltr'><strong>reditus,</strong></span> <span class='ocrx_word' id='word_1_93' title='bbox 742 2796 805 2860; x_wconf 93' lang='lat' dir='ltr'><strong>quo</strong></span> <span class='ocrx_word' id='word_1_94' title='bbox 821 2773 961 2838; x_wconf 89' lang='lat' dir='ltr'><strong>carmine</strong></span> <span class='ocrx_word' id='word_1_95' title='bbox 976 2796 1076 2838; x_wconf 85' lang='lat' dir='ltr'><strong>vanos</strong></span> 
     </span>
     <span class='ocr_line' id='line_1_18' title="bbox 251 2909 1025 2996; baseline 0 -22"><span class='ocrx_word' id='word_1_96' title='bbox 251 2909 392 2974; x_wconf 82' lang='lat' dir='ltr'><strong>Gonatus</strong></span> <span class='ocrx_word' id='word_1_97' title='bbox 406 2910 534 2996; x_wconf 86' lang='lat' dir='ltr'><strong>possim,</strong></span> <span class='ocrx_word' id='word_1_98' title='bbox 551 2911 618 2976; x_wconf 85' lang='lat' dir='ltr'><strong>fata</strong></span> <span class='ocrx_word' id='word_1_99' title='bbox 632 2910 864 2988; x_wconf 89' lang='lat' dir='ltr'><strong>illacrimanda,</strong></span> <span class='ocrx_word' id='word_1_100' title='bbox 880 2909 1025 2975; x_wconf 80' lang='lat' dir='ltr'><strong>referre?</strong></span> 
     </span>
    </p>
   </div>
   <div class='ocr_carea' id='block_1_8' title="bbox 250 3045 970 3112">
    <p class='ocr_par' dir='ltr' id='par_1_8' title="bbox 250 3045 970 3112">
     <span class='ocr_line' id='line_1_19' title="bbox 250 3045 970 3112; baseline -0.001 -2"><span class='ocrx_word' id='word_1_101' title='bbox 250 3045 309 3110; x_wconf 92' lang='lat' dir='ltr'><strong>Bis</strong></span> <span class='ocrx_word' id='word_1_102' title='bbox 324 3045 440 3111; x_wconf 83' lang='lat' dir='ltr'><strong>vetitos</strong></span> <span class='ocrx_word' id='word_1_103' title='bbox 450 3047 539 3112; x_wconf 90' lang='lat' dir='ltr'><strong>urbis</strong></span> <span class='ocrx_word' id='word_1_104' title='bbox 554 3071 662 3112; x_wconf 89' lang='lat' dir='ltr'><strong>muros</strong></span> <span class='ocrx_word' id='word_1_105' title='bbox 678 3053 858 3112; x_wconf 85' lang='lat' dir='ltr'><strong>tentaverat</strong></span> <span class='ocrx_word' id='word_1_106' title='bbox 873 3045 970 3110; x_wconf 89' lang='lat' dir='ltr'><strong>armis</strong></span> 
     </span>
    </p>
   </div>
   <div class='ocr_carea' id='block_1_9' title="bbox 253 3176 1133 3266">
    <p class='ocr_par' dir='ltr' id='par_1_9' title="bbox 253 3176 1133 3266">
     <span class='ocr_line' id='line_1_20' title="bbox 253 3176 1133 3266; baseline -0.001 -25"><span class='ocrx_word' id='word_1_107' title='bbox 253 3176 392 3255; x_wconf 88' lang='lat' dir='ltr'><strong>Intrare,</strong></span> <span class='ocrx_word' id='word_1_108' title='bbox 410 3184 615 3265; x_wconf 85' lang='lat' dir='ltr'><strong>optatamque</strong></span> <span class='ocrx_word' id='word_1_109' title='bbox 629 3181 760 3244; x_wconf 89' lang='lat' dir='ltr'><strong>domum</strong></span> <span class='ocrx_word' id='word_1_110' title='bbox 770 3179 840 3266; x_wconf 89' lang='lat' dir='ltr'><strong>jam</strong></span> <span class='ocrx_word' id='word_1_111' title='bbox 850 3179 981 3264; x_wconf 87' lang='lat' dir='ltr'><strong>jamque</strong></span> <span class='ocrx_word' id='word_1_112' title='bbox 995 3178 1133 3252; x_wconf 87' lang='lat' dir='ltr'><strong>tenebat,</strong></span> 
     </span>
    </p>
   </div>
   <div class='ocr_carea' id='block_1_10' title="bbox 0 0 1230 3846">
    <p class='ocr_par' dir='ltr' id='par_1_10' title="bbox 0 0 1230 3846">
     <span class='ocr_line' id='line_1_21' title="bbox 0 0 1230 3846; baseline 0 0"><span class='ocrx_word' id='word_1_113' title='bbox 0 0 1230 3846; x_wconf 95' lang='lat' dir='ltr'><strong> </strong></span> 
     </span>
    </p>
   </div>
  </div>
 </body>
</html>
