2450 3846
645 271 664 331 9

204 468 309 533 Filia!
334 469 453 554 quippe
467 475 524 533 tuo
540 469 662 554 gremio
676 468 818 532 nutritus
833 467 869 530 in
884 467 969 531 almo

205 601 376 666 Florebam
390 601 470 666 felix
484 626 564 688 puer
579 610 674 688 atque
689 593 783 668 aetate
798 603 949 688 vigebam
979 682 988 696 .

206 739 337 804 Matura
351 735 454 818 tenus,
471 747 505 806 et
518 740 688 826 plusquam
699 741 899 828 juvenilibus
914 740 1016 806 annis.

206 877 316 964 Atque
331 879 465 955 utinam,
481 886 554 964 post
568 901 640 963 quae
655 879 771 944 durare
785 878 964 944 miserrima
979 878 1055 944 fatis

209 1013 284 1079 Sors
295 1015 384 1079 dedit
393 1015 543 1092 adversis,
553 1014 688 1092 utinam,
700 1013 757 1079 ah!
775 1037 846 1100 spes
856 1015 959 1094 irrita,
970 1017 1112 1093 tandem,

211 1151 364 1230 Tandem,
382 1151 410 1217 Ο
426 1160 500 1218 ante
515 1153 594 1218 alias
608 1153 690 1216 mihi
701 1151 934 1240 jucundissima
949 1153 1047 1230 sedes,

213 1291 277 1354 Fas
291 1297 372 1355 esset
387 1313 537 1368 remeare,
553 1298 673 1376 tuaque
687 1290 755 1355 haeo
769 1291 913 1355 membra
928 1291 987 1354 sub
1002 1291 1117 1354 umbra

214 1427 339 1492 Ponere
349 1428 419 1515 jam
433 1428 566 1507 defessa,
582 1437 615 1494 et
629 1431 746 1514 degere
761 1452 839 1514 paea
855 1427 1035 1492 senectam!

217 1565 312 1630 Heu!
337 1567 438 1632 veluti
453 1567 598 1633 fervente
613 1567 679 1632 salo
690 1569 812 1655 jactata
826 1565 975 1652 procellis

217 1703 361 1769 Infrenis
374 1703 487 1782 fertur,
503 1703 593 1768 nullo
607 1703 835 1779 moderamine,
850 1702 953 1780 navis,

179 1806 181 1810 ι
218 1841 252 1906 N
252 1863 288 1906 eo
303 1863 365 1926 quo
380 1841 495 1906 evadat
508 1840 615 1916 habet,
631 1862 691 1903 neo
707 1845 814 1923 sperat
828 1845 962 1924 tangere
976 1844 1121 1923 portum;

218 1978 271 2044 Sic
286 2002 346 2065 ego
357 1978 561 2066 jampridem,
577 1976 654 2041 saevi
668 1976 727 2039 sub
741 1974 870 2038 turbine
885 1974 954 2050 fati,

163 2097 167 2110 ,
221 2117 297 2182 Huo
311 2115 390 2181 illue
404 2137 492 2200 agor,
509 2122 542 2178 et
557 2113 641 2178 euris
656 2111 814 2178 exereitus
830 2133 909 2176 erro.

225 2255 311 2327 Quin
326 2253 439 2318 avibus
452 2251 554 2326 nidos,
571 2247 683 2334 generi
697 2268 754 2310 sua
767 2251 853 2309 tecta
867 2243 1007 2308 ferarum
1052 2253 1056 2262 '

223 2391 360 2458 Invideo
375 2387 512 2454 extorris
525 2384 640 2471 patria,
656 2384 734 2447 dum
748 2388 887 2467 angusta
901 2388 1074 2466 vagantem

131 2573 133 2575 -
224 2527 403 2612 Paupertas
417 2531 532 2611 urget;
555 2521 792 2609 praecordiaque
806 2519 871 2582 ima
885 2521 1068 2584 remordens

225 2666 286 2730 Est
300 2663 400 2739 dolor,
416 2685 453 2726 aa
468 2668 587 2725 maestae
602 2657 729 2724 subiens
744 2655 864 2743 injuria
878 2657 981 2733 sortis,

228 2802 370 2886 Quaeque
384 2799 466 2864 mihi
481 2797 544 2862 fuit
558 2803 633 2862 ante
649 2796 771 2870 domus,
786 2793 919 2878 natique
934 2793 1096 2858 relicti.-

228 2937 291 3003 sed
299 2936 378 3023 quid
386 2957 446 3021 ego
454 2935 523 2998 haee
531 2933 727 3018 nequiquam
736 2930 860 3016 agitata
868 2936 976 2994 mente
985 2929 1134 2995 revolvo?

233 3075 359 3146 Quidve
381 3072 525 3158 queror?
561 3093 614 3134 me
635 3092 711 3134 nam
733 3068 841 3133 docuit
866 3067 951 3132 mala
976 3073 1067 3130 tanta
1089 3068 1135 3130 fe·

363 3215 487 3273 rentem
