2450 3846
526 225 566 286 10

85 421 243 507 Spernere
257 445 309 487 res
323 421 461 486 humiles
476 429 571 486 terrae
586 421 685 485 Pater
699 419 839 505 optimus
853 443 946 497 unua,

85 558 130 622 Et
146 557 249 643 magis
265 559 432 622 ardentem
442 557 484 620 ad
498 555 639 621 coelestia
654 555 774 641 gaudia
788 555 861 619 niti.

85 695 153 760 Vos
170 717 306 780 quoque,
323 694 484 772 sublimes,
497 695 567 781 jam
582 717 668 758 nunc
684 693 806 771 solatia,
823 693 937 773 Musae,

85 827 203 892 Dulcia
217 827 376 912 praebetis,
392 850 449 892 vos
464 834 496 892 et
510 811 611 892 lenire
627 828 789 894 dolentem

88 962 246 1040 Carmine,
262 985 474 1050 curarumque
489 941 608 1028 oblivia
622 963 706 1029 ferre
720 966 863 1050 potesta.

85 1099 203 1164 Vestra
218 1121 286 1183 ope,
303 1097 431 1175 divinae,
447 1098 529 1162 mihi
544 1121 594 1164 res
609 1122 676 1164 non
690 1108 765 1166 ante
780 1109 915 1168 retectae

87 1232 249 1296 Humanis
264 1232 372 1310 coalia,
389 1232 456 1297 alta
470 1240 503 1297 et
517 1233 657 1321 caligine
672 1259 802 1316 mersas,

85 1372 311 1458 Venturosque
326 1371 402 1448 dies,
420 1394 599 1456 arcanaque
614 1396 743 1440 eernere
757 1375 833 1453 fata,

85 1511 240 1598 Contigit.
287 1511 366 1576 Haec
382 1511 535 1597 gravibus
550 1534 696 1576 concessa
710 1512 871 1578 levamina
885 1517 972 1580 curia

85 1645 130 1708 Et
144 1645 283 1709 mulcere
298 1645 416 1722 valent,
433 1651 466 1710 et
480 1644 615 1731 longum
629 1645 739 1710 fallere
754 1653 889 1731 tempus.

129 1915 219 1980 Talia
233 1915 392 1994 volvebat,
409 1916 550 1981 lenimen
564 1917 629 1982 tale
643 1917 762 1982 doloris
866 1899 869 1908 ’

86 2053 265 2132 Quaerebat,
282 2054 364 2118 miro
379 2054 546 2119 Musarum
560 2055 709 2121 incensus
724 2079 840 2121 amore.

84 2189 213 2255 Scilicet
228 2214 247 2254 a
261 2191 357 2256 terris
372 2190 482 2255 divino
500 2192 633 2258 numine
648 2200 769 2280 raptae,

84 2327 318 2392 Defunctorum
332 2327 417 2392 inter
431 2349 540 2393 manes
555 2339 743 2416 maestosque
758 2331 930 2416 beatosque

84 2463 138 2527 Ire
152 2463 331 2540 videbatur,
347 2463 515 2548 variaeque
530 2465 668 2531 invisere
683 2467 782 2530 sedec.

84 2600 190 2676 Nunc,
207 2599 287 2663 duce
301 2598 618 2684 Vergilio,.Terr0ris
633 2623 733 2686 regna
748 2609 909 2687 peragrat,

87 2735 173 2807 Quos
188 2734 343 2820 plangore
357 2733 442 2798 locos
456 2741 606 2798 resonant
622 2732 801 2817 miseroque
816 2733 943 2800 ululatu

85 2871 247 2957 Supplicia
262 2871 439 2934 innumerae
453 2868 611 2954 patientes
626 2869 697 2932 dira
711 2875 856 2934 catervae.

84 3010 153 3074 Has
168 3008 259 3073 dolor
273 3007 403 3072 aeternis
417 3005 610 3072 cruciatibus
624 3006 787 3092 improbus
802 3005 905 3092 angit,

82 3146 261 3232 Morbique,
278 3145 443 3232 frigusque
459 3168 563 3224 urens,
579 3144 733 3231 ignesque
748 3143 889 3220 nefandi,
